%% This BibTeX bibliography file was created using BibDesk.
%% https://bibdesk.sourceforge.io/

%% Created for Tytanium at 2023-05-12 02:33:54 +0200 


%% Saved with string encoding Unicode (UTF-8) 



@book{Han,
	author = {Jiawei Han and Micheline Kamber},
	date-added = {2023-05-12 02:32:17 +0200},
	date-modified = {2023-05-12 02:33:52 +0200},
	edition = {Second Edition},
	title = {Data Mining: Concepts and Techniques}}

@book{Hay,
	author = {Christopher Hay-Jahans},
	date-added = {2023-05-12 02:30:29 +0200},
	date-modified = {2023-05-12 02:31:42 +0200},
	title = {R Companion to Elementary Applied Statistics},
	year = {2018}}
